@misc{wiki:graf,
    author = {Wikipedia},
    title = {Graf (grafteori)},
    url = {https://sv.wikipedia.org/wiki/Graf_(grafteori)},
    year = {2018},
    month = nov
}
